@article{Figueroa-Feliciano:2015gwa,
      author         = "Figueroa-Feliciano, Enectali and others",
      title          = "{Searching for keV Sterile Neutrino Dark Matter with
                        X-ray Microcalorimeter Sounding Rockets}",
      collaboration  = "XQC",
      journal        = "Astrophys. J.",
      volume         = "814",
      year           = "2015",
      number         = "1",
      pages          = "82",
      doi            = "10.1088/0004-637X/814/1/82",
      eprint         = "1506.05519",
      archivePrefix  = "arXiv",
      primaryClass   = "astro-ph.CO",
      SLACcitation   = "%%CITATION = ARXIV:1506.05519;%%"
}

@ARTICLE{mao2015,
   author = {{Mao}, Y.-Y. and {Williamson}, M. and {Wechsler}, R.~H.},
    title = "{The Dependence of Subhalo Abundance on Halo Concentration}",
  journal = {\apj},
archivePrefix = "arXiv",
   eprint = {1503.02637},
 keywords = {dark matter, galaxies: halos, methods: analytical, methods: numerical},
     year = 2015,
    month = sep,
   volume = 810,
      eid = {21},
    pages = {21},
      doi = {10.1088/0004-637X/810/1/21},
   adsurl = {http://adsabs.harvard.edu/abs/2015ApJ...810...21M},
  adsnote = {Provided by the SAO/NASA Astrophysics Data System}
}

@ARTICLE{mao2013,
   author = {{Mao}, Y.-Y. and {Strigari}, L.~E. and {Wechsler}, R.~H. and 
	{Wu}, H.-Y. and {Hahn}, O.},
    title = "{Halo-to-halo Similarity and Scatter in the Velocity Distribution of Dark Matter}",
  journal = {\apj},
archivePrefix = "arXiv",
   eprint = {1210.2721},
 primaryClass = "astro-ph.CO",
 keywords = {dark matter, Galaxy: halo },
     year = 2013,
    month = feb,
   volume = 764,
      eid = {35},
    pages = {35},
      doi = {10.1088/0004-637X/764/1/35},
   adsurl = {http://adsabs.harvard.edu/abs/2013ApJ...764...35M},
  adsnote = {Provided by the SAO/NASA Astrophysics Data System}
}

@ARTICLE{speckhard2016,
   author = {{Speckhard}, E.~G. and {Ng}, K.~C.~Y. and {Beacom}, J.~F. and 
	{Laha}, R.},
    title = "{Dark Matter Velocity Spectroscopy}",
  journal = {Physical Review Letters},
archivePrefix = "arXiv",
   eprint = {1507.04744},
     year = 2016,
    month = jan,
   volume = 116,
   number = 3,
      eid = {031301},
    pages = {031301},
      doi = {10.1103/PhysRevLett.116.031301},
   adsurl = {http://adsabs.harvard.edu/abs/2016PhRvL.116c1301S},
  adsnote = {Provided by the SAO/NASA Astrophysics Data System}
}

@ARTICLE{lovell2015,
   author = {{Lovell}, M.~R. and {Bertone}, G. and {Boyarsky}, A. and {Jenkins}, A. and 
	{Ruchayskiy}, O.},
    title = "{Decaying dark matter: the case for a deep X-ray observation of Draco}",
  journal = {\mnras},
archivePrefix = "arXiv",
   eprint = {1411.0311},
 keywords = {dark matter},
     year = 2015,
    month = aug,
   volume = 451,
    pages = {1573-1585},
      doi = {10.1093/mnras/stv963},
   adsurl = {http://adsabs.harvard.edu/abs/2015MNRAS.451.1573L},
  adsnote = {Provided by the SAO/NASA Astrophysics Data System}
}

@ARTICLE{springel2005,
   author = {{Springel}, V.},
    title = "{The cosmological simulation code GADGET-2}",
  journal = {\mnras},
archivePrefix = "arXiv",
   eprint = "astro-ph/0505010",
 keywords = {methods: numerical, galaxies: interactions, dark matter},
     year = 2005,
    month = dec,
   volume = 364,
    pages = {1105-1134},
      doi = {10.1111/j.1365-2966.2005.09655.x},
   adsurl = {http://adsabs.harvard.edu/abs/2005MNRAS.364.1105S},
  adsnote = {Provided by the SAO/NASA Astrophysics Data System}
}


